@string{proc = "Proc. "}

@string{spaaold = " ACM Symp. on Parallel Algorithms and Architectures (SPAA)"}
@string{spaa = " ACM Symp. on Parallelism in Algorithms and Architectures (SPAA)"}
@string{focs = " IEEE Symp. on Foundations of Computer Science (FOCS)"}
@string{stoc = " ACM Symp. on Theory of Computing (STOC)"}
@string{esa = " European Symp. on Algorithms (ESA)"}
@string{stacs = " Symp. on Theoretical Aspects of Computer Science (STACS)"}
@string{soda = " ACM-SIAM Symp. on Discrete Algorithms (SODA)"}
@string{europar = " Int. European Conference on Parallel and Distributed Computing (Euro-Par)"}
@string{mfcs = " Int. Symp. on Mathematical Foundations of Computer Science (MFCS)"}
@string{icalp = " Int. Colloq. on Automata, Languages and Programming (ICALP)"}
@string{wads = " Int. Workshop on Algorithms and Data Structures (WADS)"}
@string{swat = " Scandinavian Symposium and Workshops on Algorithm Theory (SWAT)"}
@string{isaac = " Int. Symp. on Algorithms and Computation (ISAAC)"}
@string{iptps = " Int. Workshop on Peer-to-Peer Systems"}
@string{approx = " Int. Workshop on Approximation Algorithms for Combinatorial Optimization (APPROX)"}
@string{socg = " ACM Symp. on Computational Geometry (SoCG)"}
@string{arcs = " Int. Conf. on Architecture of Computing Systems"}
@string{infocom = " IEEE Int. Conference on Computer Communications (INFOCOM)"}
@string{globecom = " Global Communications Conference (GLOBECOM)"}
@string{sigcomm = " ACM SIGCOMM Conference"}
@string{podc = " ACM Symp. on Principles of Distributed Computing (PODC)"}
@string{disc = " Int. Symp. on Distributed Computing (DISC)"}
@string{ipdps = " IEEE Int. Parallel and Distributed Processing Symposium (IPDPS)"}
@string{latin = " Latin American Theoretical Informatics Symposium (LATIN)"}
@string{sirocco = " Int. Colloq. on Structural Information and Communication Complexity (SIROCCO)"}
@string{sofsem = " Int. Conf. on Current Trends in Theory and Practice of Computer Science (SOFSEM)"}
@string{cocoon = " Int. Computing and Combinatorics Conference (COCOON)"},
@string{opodis = " Int. Conf. on Principles of DIstributed Systems"}
@string{waoa = " Workshop on Approximation and Online Algorithms (WAOA)"}
@string{ewcg = " European Workshop on Computational Geometry (EWCG)"}
@string{iptcomm = " Int. Conf. on Principles, Systems and Applications of IP Telecommunications (IPTComm)"}
@string{conext = " Int. Conference on Emerging Networking Experiments and Technologies (CoNEXT)"}
@string{icdcs = " IEEE Int. Conf. on Distributed Computing Systems (ICDCS)"}
@string{icnp = " IEEE Int. Conf. on Network Protocols (ICNP)"}
@string{cocoa = " Int. Conf. on Combinatorial Optimization and Applications (COCOA)"}

@string{jacm = " Journal of the ACM"}
@string{cacm = " Communications of the ACM"}
@string{transcomm = "IEEE Transactions on Communications"}
@string{transcomp = "IEEE Transactions on Computers"}
@string{transnetw = "IEEE/ACM Transactions on Networking"}
@string{jalgo = " Journal of Algorithms"}
@string{jda = " Journal of Discrete Algorithms"}
@string{talg = " ACM Transactions on Algorithms"}
@string{jcomp = " SIAM Journal on Computing"}
@string{lncs = " Lecture Notes in Computer Science"}
@string{jcss = " Journal of Computer and System Sciences"}
@string{tcs = " Theoretical Computer Science"}
@string{algorithmica = " Algorithmica"}
@string{ipl = " Information Processing Letters"}
@string{tocs  = " Theory of Computing Systems"}
@string{jdmath = " SIAM Journal on Discrete Mathematics"}
@string{combinatorica = " Combinatorica"}
@string{games_economic = " Games and Economic Behavior"}
@string{dc = " Distributed Computing"}
@string{siamreview = " SIAM Review"}
@string{sigact_news = " SIGACT News"}
@string{ccr = " ACM SIGCOMM Computer Communication Review"}
@string{ton = " IEEE/ACM Transactions on Networking"}
@string{josh = " Journal of Scheduling"}
@string{ijfcs = " Int. Journal of Foundations of Computer Science"}
@string{infcomp = " Information and Computation"}
@string{pardist = " IEEE Transactions on Parallel and Distributed Systems"}


%%%%%%%%%%%%%%%%%%%%%%%%%%%%%%%%%%%%%%%%%%%%%%%%%%%%%%%%%%%%%%%%%%%%%%%%%%%%%%%%%%


@book{knapsack-book,
  author = "Hans Kellerer and Ulrich Pferschy and David Pisinger",
  title = "Knapsack Problems",
  year = 2004,
  publisher = "Springer"
}

@article{knapsack-cygan-jez,
  author = "Marek Cygan and {\L}ukasz Je{\.z} and Jir{\'{\i}} Sgall",
  title = "Online Knapsack Revisited",
  journal = tcs,
  volume = 58,
  number = 1,
  pages = "153--190",
  year = 2016,
  OPTnote = "Also appeared in {\em Proc.~of the 11th WAOA}, pages 144-155, 2013",
}

@article{icnp15loc,
  author = {Carlo Fuerst and Maciek Pacut and Paolo Costa and Stefan Schmid},
  title = {Understanding the Complexity of Replica Aware Virtual Cluster Embeddings},
  booktitle = {23rd IEEE International Conference on Network Protocols (ICNP)},
  year = {2015},
}

