@string{proc = "Proc. "}

@string{spaaold = " ACM Symp. on Parallel Algorithms and Architectures (SPAA)"}
@string{spaa = " ACM Symp. on Parallelism in Algorithms and Architectures (SPAA)"}
@string{focs = " IEEE Symp. on Foundations of Computer Science (FOCS)"}
@string{stoc = " ACM Symp. on Theory of Computing (STOC)"}
@string{esa = " European Symp. on Algorithms (ESA)"}
@string{stacs = " Symp. on Theoretical Aspects of Computer Science (STACS)"}
@string{soda = " ACM-SIAM Symp. on Discrete Algorithms (SODA)"}
@string{europar = " Int. European Conf. on Parallel and Distributed Computing (Euro-Par)"}
@string{mfcs = " Int. Symp. on Mathematical Foundations of Computer Science (MFCS)"}
@string{icalp = " Int. Colloq. on Automata, Languages and Programming (ICALP)"}
@string{wads = " Int. Workshop on Algorithms and Data Structures (WADS)"}
@string{swat = " Scandinavian Symposium and Workshops on Algorithm Theory (SWAT)"}
@string{isaac = " Int. Symp. on Algorithms and Computation (ISAAC)"}
@string{iptps = " Int. Workshop on Peer-to-Peer Systems"}
@string{approx = " Int. Workshop on Approximation Algorithms for Combinatorial Optimization (APPROX)"}
@string{socg = " ACM Symp. on Computational Geometry (SoCG)"}
@string{arcs = " Int. Conf. on Architecture of Computing Systems"}
@string{infocom = " IEEE Int. Conf. on Computer Communications (INFOCOM)"}
@string{globecom = " Global Communications Conference (GLOBECOM)"}
@string{sigcomm = " ACM SIGCOMM Conference"}
@string{podc = " ACM Symp. on Principles of Distributed Computing (PODC)"}
@string{disc = " Int. Symp. on Distributed Computing (DISC)"}
@string{ipdps = " IEEE Int. Parallel and Distributed Processing Symposium (IPDPS)"}
@string{latin = " Latin American Theoretical Informatics Symposium (LATIN)"}
@string{sirocco = " Int. Colloq. on Structural Information and Communication Complexity (SIROCCO)"}
@string{sofsem = " Int. Conf. on Current Trends in Theory and Practice of Computer Science (SOFSEM)"}
@string{cocoon = " Int. Computing and Combinatorics Conference (COCOON)"},
@string{opodis = " Int. Conf. on Principles of DIstributed Systems"}
@string{waoa = " Workshop on Approximation and Online Algorithms (WAOA)"}
@string{ewcg = " European Workshop on Computational Geometry (EWCG)"}
@string{iptcomm = " Int. Conf. on Principles, Systems and Applications of IP Telecommunications (IPTComm)"}
@string{conext = " Int. Conf. on Emerging Networking Experiments and Technologies (CoNEXT)"}
@string{icdcs = " IEEE Int. Conf. on Distributed Computing Systems (ICDCS)"}
@string{icnp = " IEEE Int. Conf. on Network Protocols (ICNP)"}
@string{cocoa = " Int. Conf. on Combinatorial Optimization and Applications (COCOA)"}
@string{ipco = " Int. Conf. on Integer Programming and Combinatorial Optimization (IPCO)"}

@string{jacm = " Journal of the ACM"}
@string{cacm = " Communications of the ACM"}
@string{transcomm = "IEEE Transactions on Communications"}
@string{transcomp = "IEEE Transactions on Computers"}
@string{transnetw = "IEEE/ACM Transactions on Networking"}
@string{jalgo = " Journal of Algorithms"}
@string{jda = " Journal of Discrete Algorithms"}
@string{talg = " ACM Transactions on Algorithms"}
@string{jcomp = " SIAM Journal on Computing"}
@string{lncs = " Lecture Notes in Computer Science"}
@string{jcss = " Journal of Computer and System Sciences"}
@string{tcs = " Theoretical Computer Science"}
@string{algorithmica = " Algorithmica"}
@string{ipl = " Information Processing Letters"}
@string{tocs  = " Theory of Computing Systems"}
@string{jdmath = " SIAM Journal on Discrete Mathematics"}
@string{combinatorica = " Combinatorica"}
@string{games_economic = " Games and Economic Behavior"}
@string{dc = " Distributed Computing"}
@string{siamreview = " SIAM Review"}
@string{sigact_news = " SIGACT News"}
@string{ccr = " ACM SIGCOMM Computer Communication Review"}
@string{ton = " IEEE/ACM Transactions on Networking"}
@string{josh = " Journal of Scheduling"}
@string{ijfcs = " Int. Journal of Foundations of Computer Science"}
@string{infcomp = " Information and Computation"}
@string{pardist = " IEEE Transactions on Parallel and Distributed Systems"}

@article{paging-optimal-easy,
  author = "Dimitris Achlioptas and Marek Chrobak and John Noga",
  title = "Competitive analysis of randomized paging algorithms",
  journal = tcs,
  volume = 234,
  number = "1--2",
  year = 2000,
  pages = "203--218",
}

@inproceedings{generalized-caching-optimal,
  author = "Anna Adamaszek and Artur Czumaj and Matthias Englert and Harald R{\"{a}}cke",
  title = "An \emph{O}(log \emph{k})-competitive algorithm for generalized caching",
  booktitle = pro # "23rd" # soda,
  pages = "1681--1689",
  year = 2012,
}

@inproceedings{tree-sparsity,
  author    = {Arturs Backurs and
               Piotr Indyk and
               Ludwig Schmidt},
  title     = {Better Approximations for Tree Sparsity in Nearly-Linear Time},
  booktitle = proc # "28th" # soda,
  pages     = {2215--2229},
  year      = 2017,
}

@article{generalized-caching-bansal,
  author    = {Nikhil Bansal and
               Niv Buchbinder and
               Joseph Naor},
  title     = {Randomized Competitive Algorithms for Generalized Caching},
  journal   = jcomp,
  volume    = 41,
  number    = 2,
  pages     = {391--414},
  year      = 2012,
}

@inproceedings{fib-icdcs,
  author = "Marcin Bienkowski and Nadi Sarrar and Stefan Schmid and Steve Uhlig",
  title = "Competitive {FIB} Aggregation without Update Churn",
  booktitle = proc # "34th" # icdcs,
  year = 2014,
  pages = "607--616",
}

@inproceedings{fib-sirocco,
  author = "Marcin Bienkowski and Stefan Schmid",
  title = "Competitive {FIB} Aggregation for Independent Prefixes: Online Ski Rental on the Trie",
  booktitle = proc # "20th" # sirocco,
  year = 2013,
  pages = "92--103",
}

@article{restricted-caching,
  author = "Mark Brehob and Richard J.~Enbody and Eric Torng and Stephen Wagner",
  title = "On-line Restricted Caching",
  journal = josh,
  volume = 6,
  number = 2,
  pages = "149--166",
  year = 2003,
}

@inproceedings{matroid-caching,
  author = "Niv Buchbinder and Shahar Chen and Joseph Naor",
  title = "Competitive Algorithms for Restricted Caching and Matroid Caching",
  booktitle = proc # "22th" # esa,
  pages = "209--221",
  year = 2014,
}

@article{double-coverage,
  author = "Marek Chrobak and Howard J.~Karloff and Thomas H.~Payne and Sundar Vishwanathan",
  title = "New Results on Server Problems",
  journal = jdmath,
  volume = 4,
  number = 2,
  year = 1991,
  pages = "172--181",
}

@article{steve-myth,
  author = "Luca Cittadini and Wolfgang Muhlbauer and Steve Uhlig and Randy Bushy and Pierre Francois and Olaf Maennel",
  title = "Evolution of internet address space deaggregation: myths and reality",
  journal = "IEEE J.Sel. A. Commun.",
  volume = 28,
  number = 8,
  year = 2010,
  pages = "1238--1249",
}

@inproceedings{ortc,
  author = "Richard P.~Draves and Christopher King and Srinivasan Venkatachary and Brian D.~Zill",
  title = "Constructing optimal {IP} routing tables",
  booktitle = proc # "18th" # infocom,
  year = 1999,
  pages = "88--97",
}

@article{caching-rejection-penalties,
  author = "Leah Epstein and Csan{\'{a}}d Imreh and Asaf Levin and Judit Nagy{-}Gy{\"{o}}rgy",
  title = "Online File Caching with Rejection Penalties",
  journal = algorithmica,
  volume = 71,
  number = 2,
  pages = "279--306",
  year = 2015,
}

@article{paging-mark,
  author = "Amos Fiat and Richard M.~Karp and Michael Luby and Lyle A.~McGeoch and Daniel D.~Sleator and Neal E.~Young",
  title = "Competitive paging algorithms",
  journal = jalgo,
  volume = 12,
  number = 4,
  year = 1991,
  pages = "685--699",
}

@inproceedings{fib-updates,
  author    = {Pierre Fran{\c{c}}ois and
               Clarence Filsfils and
               John Evans and
               Olivier Bonaventure},
  title     = {Achieving sub-second {IGP} convergence in large {IP} networks},
  journal   = ccr,
  volume    = 35,
  number    = 3,
  pages     = {35--44},
  year      = 2005,
}

@inproceedings{tcam-expensive-updates,
  author    = {Danny Yuxing Huang and
               Ken Yocum and
               Alex C. Snoeren},
  title     = {High-fidelity switch models for software-defined network emulation},
  booktitle = proc # "2nd" # "{ACM SIGCOMM} Workshop on Hot Topics in
               Software Defined Networking (HotSDN)",
  pages     = {43--48},
  year      = 2013,
}

@article{paging-irani,
  author    = {Sandy Irani},
  title     = {Page Replacement with Multi-Size Pages and Applications to Web Caching},
  journal   = algorithmica,
  volume    = 33,
  number    = 3,
  pages     = {384--409},
  year      = 2002,
}

@article{mms,
  author    = {Elliott Karpilovsky and
               Matthew Caesar and
               Jennifer Rexford and
               Aman Shaikh and
               Jacobus E. van der Merwe},
  title     = {Practical Network-Wide Compression of {IP} Routing Tables},
  journal   = {{IEEE} Transactions on Network and Service Management},
  volume    = 9,
  number    = 4,
  pages     = {446--458},
  year      = 2012,
}

@inproceedings{cacheflow,
  author = "Naga Katta and Omid Alipourfard and Jennifer Rexford and David Walker",
  title = "CacheFlow: Dependency-Aware Rule-Caching for Software-Defined Networks",
  booktitle = proc # "ACM Symposium on SDN Research (SOSR)",
  year = 2016,
}

@inproceedings{route-caching-flat,
  author = "Changhoon Kim and Matthew Caesar and Alexandre Gerber and Jennifer Rexford",
  title = "Revisiting Route Caching: The World Should Be Flat",
  booktitle = proc # "10th" # " Int. Conf. on Passive and Active Network Measurement (PAM)",
  pages = "3--12",
  year = 2009,
}

@inproceedings{prefix-caching,
  author = "Huan Liu",
  title = "Routing prefix caching in network processor design",
  booktitle = proc # "10th" # " Int. Conf. on Computer Communications and Networks (ICCCN)",
  pages = "18--23",
  year = 2001,
}

@article{fib-caching-non-overlapping,
  author    = {Yaoqing Liu and
               Vince Lehman and
               Lan Wang},
  title     = {Efficient {FIB} caching using minimal non-overlapping prefixes},
  journal   = {Computer Networks},
  volume    = 83,
  pages     = {85--99},
  year      = 2015,
}

@inproceedings{fib-compression-fifa,
  author    = "Yaoqing Liu and Beichuan Zhang and Lan Wang",
  title     = "{FIFA:} Fast incremental {FIB} aggregation",
  booktitle = proc # "32nd" # infocom,
  pages     = "1213--1221",
  year      = 2013,
}

@inproceedings{fib-compression-globecom10,
  author    = {Yaoqing Liu and
               Xin Zhao and
               Kyuhan Nam and
               Lan Wang and
               Beichuan Zhang},
  title     = {Incremental Forwarding Table Aggregation},
  booktitle = proc # globecom,
  pages     = {1--6},
  year      = 2010,
}

@inproceedings{fib-compression-infocom13,
  author = "Layong Luo and Gaogang Xie and Kav{\'{e}} Salamatian and Steve Uhlig and Laurent Mathy and Yingke Xie",
  title = "A trie merging approach with incremental updates for virtual routers",
  booktitle = proc # "32nd" # infocom,
  pages = "1222--1230",
  year = 2013,
}

@article{paging-optimal-difficult,
  author = "Lyle A. McGeoch and Daniel D. Sleator",
  title = "A Strongly Competitive Randomized Paging Algorithm",
  journal = algorithmica,
  volume = 6,
  number = 6,
  year = 1991,
  pages = "816--825",
}

@article{companion-caching,
  author = "Manor Mendel and Steven S.~Seiden",
  title = "Online companion caching",
  journal = tcs,
  volume = 324,
  number = "2--3",
  pages = "183--200",
  year = 2004,
}

@inproceedings{fib-sigcomm,
  author    = {G{\'{a}}bor R{\'{e}}tv{\'{a}}ri and
               J{\'{a}}nos Tapolcai and
               Attila Kor{\"{o}}si and
               Andr{\'{a}}s Majd{\'{a}}n and
               Zal{\'{a}}n Heszberger},
  title     = {Compressing {IP} forwarding tables: towards entropy bounds and beyond},
  booktitle = proc # sigcomm,
  pages     = {111--122},
  year      = 2013,
}

@article{fibium-zipf,
  author    = {Nadi Sarrar and
               Steve Uhlig and
               Anja Feldmann and
               Rob Sherwood and
               Xin Huang},
  title     = {Leveraging Zipf's law for traffic offloading},
  journal   = ccr,
  volume    = 42,
  number    = 1,
  pages     = {16--22},
  year      = 2012,
}

@article{competitive-analysis,
  author = "Daniel D.~Sleator and Robert E.~Tarjan",
  title = "Amortized efficiency of list update and paging rules",
  journal = cacm,
  volume = 28,
  number = 2,
  year = 1985,
  pages = "202--208",
}

@inproceedings{tcam-expensive,
  author    = {Ed Spitznagel and
               David E. Taylor and
               Jonathan S. Turner},
  title     = {Packet Classification Using Extended TCAMs},
  booktitle = proc # "11th" # icnp,
  pages     = {120--131},
  year      = 2003,
}

@article{fib-compression-two-dimensional,
  author = "Subhash Suri and Tuomas Sandholm and Priyank Ramesh Warkhede",
  title = "Compressing Two-Dimensional Routing Tables",
  journal = algorithmica,
  volume = 35,
  number = 4,
  year = 2003,
  pages = "287--300",
}

@inproceedings{fib-compression-smalta,
  author    = {Zartash Afzal Uzmi and
               Markus E. Nebel and
               Ahsan Tariq and
               Sana Jawad and
               Ruichuan Chen and
               Aman Shaikh and
               Jia Wang and
               Paul Francis},
  title     = {{SMALTA:} practical and near-optimal {FIB} aggregation},
  booktitle = proc # "7th" # conext,
  year      = 2011,
}

@article{young-paging-greedy-dual,
  author = "Neal E. Young",
  title = "The k-Server Dual and Loose Competitiveness for Paging",
  journal = algorithmica,
  volume = 11,
  number = 6,
  pages = "525--541",
  year = 1994,
}

@article{young-paging-landlord,
  author = "Neal E. Young",
  title = "On-Line File Caching",
  journal = algorithmica,
  volume = 33,
  number = 3,
  year = 2002,
  pages = "371--383",
}

@inproceedings{fib-compression-infocom10,
  author = "Zhao, Xin and Liu, Yaoqing and Wang, Lan and Zhang, Beichuan",
  title = "On the aggregatability of router forwarding tables",
  booktitle = proc # "29th" # infocom,
  year = 2010,
  pages = "848--856",
}

@inproceedings{bgp-routeviews,
  title = "{BGP} Statistics from Route-Views Data",
  note = "\url{http://bgp.potaroo.net/bgprpts/rva-index.html}"
}

